<collection xmlns="http://www.loc.gov/MARC21/slim"><record><leader>00769nam  2200241   450</leader><controlfield tag="001">930</controlfield><controlfield tag="003">http://montalegre.opacnet.com/OPAC/default.aspx?ContentAreaControl=ShowRegHoldings.ascx&amp;RegNo=16662</controlfield><controlfield tag="005">20</controlfield><datafield tag="010" ind1=" " ind2=" "><subfield code="a">972-695-102-X</subfield></datafield><datafield tag="021" ind1=" " ind2=" "><subfield code="a">PT</subfield><subfield code="b">36828/90</subfield></datafield><datafield tag="095" ind1=" " ind2=" "><subfield code="a">PTBN00351886</subfield></datafield><datafield tag="100" ind1=" " ind2=" "><subfield code="a">19901012d1990    m  y0pora010305  ba</subfield></datafield><datafield tag="101" ind1="0" ind2=" "><subfield code="a">por</subfield></datafield><datafield tag="102" ind1=" " ind2=" "><subfield code="a">PT</subfield></datafield><datafield tag="200" ind1="1" ind2=" "><subfield code="a">&lt;A &gt;pega azul e seis historietas mais</subfield><subfield code="f">Adalberto Alves</subfield><subfield code="g">il. de Figueiredo Sobral</subfield></datafield><datafield tag="210" ind1=" " ind2=" "><subfield code="a">Lisboa</subfield><subfield code="c">Teorema</subfield><subfield code="d">[D.l. 1990]</subfield></datafield><datafield tag="215" ind1=" " ind2=" "><subfield code="a">77 p.</subfield><subfield code="c">il.</subfield><subfield code="d">19 cm</subfield></datafield><datafield tag="225" ind1="2" ind2=" "><subfield code="a">Sésamo</subfield><subfield code="v">15</subfield></datafield><datafield tag="675" ind1=" " ind2=" "><subfield code="a">821.134.3</subfield><subfield code="z">por</subfield></datafield><datafield tag="700" ind1=" " ind2="1"><subfield code="a">Alves</subfield><subfield code="b">Adalberto</subfield><subfield code="f">1939-</subfield></datafield><datafield tag="702" ind1=" " ind2="1"><subfield code="a">Sobral</subfield><subfield code="b">Figueiredo</subfield><subfield code="4">440</subfield></datafield><datafield tag="801" ind1=" " ind2="0"><subfield code="a">PT</subfield><subfield code="b">Biblioteca Municipal de Montalegre</subfield><subfield code="g">RPC</subfield></datafield><datafield tag="856" ind1=" " ind2=" "><subfield code="u">locateMedia.asp?cod=20060630111225&amp;ext=jpg</subfield><subfield code="z">CAPA</subfield></datafield><datafield tag="909" ind1="&#9;" ind2=" "><subfield code="a">1</subfield></datafield><datafield tag="966" ind1=" " ind2=" "><subfield code="a">0002006</subfield><subfield code="l">BMM</subfield><subfield code="s">SJ 821.134.3 ALV peg 15</subfield></datafield></record></collection>